@book{TufteTvdq,
  title     = "The Visual Display of Quantitative Information",
  author    = "Edward R. Tufte",
  year      = 2001,
  publisher = "Graphics Press, Cheshire, Connecticut",
  ISBN      = {0-9613921-4-2}
}

@book{TufteEI,
  title     = "Envisioning Information",
  author    = "Edward R. Tufte",
  year      = 1990,
  publisher = "Graphics Press, Cheshire, Connecticut",
  ISBN      = {0-9613921-1-8}
}

@book{TufteVE,
  title     = "Visual Explanations",
  author    = "Edward R. Tufte",
  year      = 1997,
  publisher = "Graphics Press, Cheshire, Connecticut",
  ISBN      = {0-9613921-2-6}
}

@book{TufteBE,
  title     = "Beautiful Evidence",
  author    = "Edward R. Tufte",
  year      = 2006,
  publisher = "Graphics Press, Cheshire, Connecticut",
  ISBN      = {0-9613921-7-7}
}

@book{BringhurstEoTS,
  title     = "The Elements of Typographic Style",
  author    = "Robert Bringhurst",
  year      = 2002,
  publisher = "Hartley \& Marks Publishers",
  ISBN      = {978-0881791327},
}

@book{CarterABC,
  title     = "ABC for Book collectors",
  author    = "John Carter and Nicolas Barker",
  year      = "2004",
  publisher = "Oak Knoll Press and The British Library",
  ISBN      = "978-1584561125",
  pages     = {68},
}

@misc{Libertine,
  title     = "Libertine Fonts -- Libre multilingual font family",
  note      = "\url{http://libertine-fonts.org/}",
}

@book{StExupery,
  title     = "Terre des Hommes",
  author    = "Antoine de Saint-Exupéry",
  year      = "1939",
  publisher = "Gallimard",
  ISBN      = "2-07-025659-6",
}

@book{einstein1915allgemeinen,
  title     = {Zur allgemeinen relativitätstheorie},
  author    = {Einstein, Albert},
  year      = {1915},
  publisher = {Akademie der Wissenschaften, in Kommission bei W. de Gruyter},
}

@article{pkgSidenotes,
  journal   = {\textsc{ctan}, Comprehensive \TeX{} Archive Network},
  author    = {Andy Thomas},
  title     = {The \texttt{sidenotes} package},
  year      = {2020},
  note      = {\textsc{url} \url{http://ctan.org/pkg/sidenotes}},
}

@article{pkgGeometry,
  journal   = {\textsc{ctan}, Comprehensive \TeX{} Archive Network},
  author    = {Hideo Umeki},
  title     = {The \texttt{geometry} package},
  year      = {2020},
  note      = {\textsc{url} \url{http://ctan.org/pkg/geometry}},
}
